<record><leader>00000cas a2200000 a 4500</leader><controlfield tag="001">12078625</controlfield><controlfield tag="008">850524d18831883hiuer ne      0    0haw d</controlfield><datafield ind1=" " ind2=" " tag="010"><subfield code="a">sn 85047110 </subfield></datafield><datafield ind1=" " ind2=" " tag="040"><subfield code="a">HUH</subfield><subfield code="b">eng</subfield><subfield code="c">HUH</subfield><subfield code="d">HWN</subfield><subfield code="d">OCL</subfield><subfield code="d">OCLCQ</subfield><subfield code="d">OCLCF</subfield><subfield code="d">OCLCO</subfield></datafield><datafield ind1=" " ind2=" " tag="042"><subfield code="a">msc</subfield></datafield><datafield ind1=" " ind2=" " tag="043"><subfield code="a">n-us-hi</subfield></datafield><datafield ind1="0" ind2="3" tag="245"><subfield code="a">Ke Koo o Hawaii.</subfield></datafield><datafield ind1=" " ind2=" " tag="260"><subfield code="a">Honolulu [Hawaii] :</subfield><subfield code="b">Kamaki [i.e. Thomas Spencer],</subfield><subfield code="c">1883.</subfield></datafield><datafield ind1=" " ind2=" " tag="300"><subfield code="a">1 v. ;</subfield><subfield code="c">31 cm.</subfield></datafield><datafield ind1=" " ind2=" " tag="310"><subfield code="a">Biweekly</subfield></datafield><datafield ind1="0" ind2=" " tag="362"><subfield code="a">Buke 1, helu 1 (Augate 15, 1883)-</subfield></datafield><datafield ind1="1" ind2=" " tag="362"><subfield code="a">Ceased in Dec. 1883.</subfield><subfield code="z">Cf. Mookini, E.K. Hawaiian newspapers.</subfield></datafield><datafield ind1=" " ind2=" " tag="500"><subfield code="a">Editor: T. Spencer.</subfield></datafield><datafield ind1=" " ind2=" " tag="546"><subfield code="a">In Hawaiian.</subfield></datafield><datafield ind1=" " ind2="0" tag="651"><subfield code="a">Hawaii</subfield><subfield code="v">Newspapers.</subfield></datafield><datafield ind1=" " ind2="7" tag="655"><subfield code="a">Newspapers.</subfield><subfield code="2">fast</subfield><subfield code="0">(OCoLC)fst01423814</subfield></datafield><datafield ind1=" " ind2="7" tag="651"><subfield code="a">Hawaii.</subfield><subfield code="2">fast</subfield><subfield code="0">(OCoLC)fst01208724</subfield></datafield><datafield ind1="1" ind2=" " tag="700"><subfield code="a">Spencer, Thomas P.</subfield></datafield><datafield ind1=" " ind2=" " tag="752"><subfield code="a">United States</subfield><subfield code="b">Hawaii</subfield><subfield code="c">Honolulu</subfield><subfield code="d">Honolulu.</subfield></datafield><datafield ind1="0" ind2="0" tag="785"><subfield code="t">Ola o Hawaii (Honolulu, Hawaii)</subfield><subfield code="w">(DLC)sn 85047111</subfield><subfield code="w">(OCoLC)12105678</subfield></datafield></record>